%% This BibTeX bibliography file was created using BibDesk.
%% http://bibdesk.sourceforge.net/

%% Created for Joseph Davancens at 2018-01-29 08:23:00 -0800 


%% Saved with string encoding Unicode (UTF-8) 



@book{xenakis,
	Author = {Iannis Xenaxis},
	Date-Added = {2018-01-29 15:41:11 +0000},
	Date-Modified = {2018-01-29 15:43:26 +0000},
	Edition = {2},
	Publisher = {Pendragon Press},
	Title = {Formalized Music: Thought and Mathematics in Composition},
	Year = {1992}}
